@ARTICLE{1981A&AS...44..363W,
  author =       {{Wells}, D.~C. and {Greisen}, E.~W. and {Harten},
                  R.~H.},
  title =        "{FITS - a Flexible Image Transport System}",
  journal =      {\aaps},
  year =         1981,
  month =        jun,
  volume =       44,
  pages =        363,
  adsurl =       {http://adsabs.harvard.edu/abs/1981A%26AS...44..363W},
  adsnote =      {Provided by the SAO/NASA Astrophysics Data System}
}

@ARTICLE{1982QJRAS..23..485D,
  author =       {{Disney}, M.~J. and {Wallace}, P.~T.},
  title =        "{STARLINK}",
  journal =      {\qjras},
  year =         1982,
  month =        dec,
  volume =       23,
  pages =        485,
  adsurl =       {http://adsabs.harvard.edu/abs/1982QJRAS..23..485D},
  adsnote =      {Provided by the SAO/NASA Astrophysics Data System}
}

@ARTICLE{1995A&AS..113..159C,
  author =       {{Cotton}, W.~D. and {Tody}, D. and {Pence}, W.~D.},
  title =        "{Binary table extension to FITS.}",
  journal =      {\aaps},
  keywords =     {TECHNIQUES: MISCELLANEOUS, IMAGE PROCESSING},
  year =         1995,
  month =        oct,
  volume =       113,
  pages =        159,
  adsurl =       {http://adsabs.harvard.edu/abs/1995A%26AS..113..159C},
  adsnote =      {Provided by the SAO/NASA Astrophysics Data System}
}

@ARTICLE{2001A&A...376..359H,
  author =       {{Hanisch}, R.~J. and {Farris}, A. and {Greisen},
                  E.~W. and {Pence}, W.~D. and {Schlesinger},
                  B.~M. and {Teuben}, P.~J. and {Thompson}, R.~W. and
                  {Warnock}, III, A.},
  title =        "{Definition of the Flexible Image Transport System
                  (FITS)}",
  journal =      {\aap},
  keywords =     {INSTRUMENTATION: MISCELLANEOUS, METHODS:
                  MISCELLANEOUS, TECHNIQUES: MISCELLANEOUS,
                  ASTRONOMICAL DATABASES: MISCELLANEOUS},
  year =         2001,
  month =        sep,
  volume =       376,
  pages =        {359-380},
  doi =          {10.1051/0004-6361:20010923},
  adsurl =       {http://adsabs.harvard.edu/abs/2001A%26A...376..359H},
  adsnote =      {Provided by the SAO/NASA Astrophysics Data System}
}

@ARTICLE{2002A&A...395.1061G,
  author =       {{Greisen}, E.~W. and {Calabretta}, M.~R.},
  title =        "{Representations of world coordinates in FITS}",
  journal =      {\aap},
  eprint =       {arXiv:astro-ph/0207407},
  keywords =     {methods: data analysis, techniques: image
                  processing, astronomical data bases: miscellaneous},
  year =         2002,
  month =        dec,
  volume =       395,
  pages =        {1061-1075},
  doi =          {10.1051/0004-6361:20021326},
  adsurl =       {http://adsabs.harvard.edu/abs/2002A%26A...395.1061G},
  adsnote =      {Provided by the SAO/NASA Astrophysics Data System}
}

@ARTICLE{2002A&A...395.1077C,
  author =       {{Calabretta}, M.~R. and {Greisen}, E.~W.},
  title =        "{Representations of celestial coordinates in FITS}",
  journal =      {\aap},
  eprint =       {arXiv:astro-ph/0207413},
  keywords =     {methods: data analysis, techniques: image
                  processing, astronomical data bases: miscellaneous,
                  astrometry},
  year =         2002,
  month =        dec,
  volume =       395,
  pages =        {1077-1122},
  doi =          {10.1051/0004-6361:20021327},
  adsurl =       {http://adsabs.harvard.edu/abs/2002A%26A...395.1077C},
  adsnote =      {Provided by the SAO/NASA Astrophysics Data System}
}

@ARTICLE{2006A&A...446..747G,
  author =       {{Greisen}, E.~W. and {Calabretta}, M.~R. and
                  {Valdes}, F.~G. and {Allen}, S.~L.},
  title =        "{Representations of spectral coordinates in FITS}",
  journal =      {\aap},
  eprint =       {arXiv:astro-ph/0507293},
  keywords =     {methods: data analysis, techniques: image
                  processing, techniques: radial velocities,
                  techniques: spectroscopic, astronomical data bases:
                  miscellaneous},
  year =         2006,
  month =        feb,
  volume =       446,
  pages =        {747-771},
  doi =          {10.1051/0004-6361:20053818},
  adsurl =       {http://adsabs.harvard.edu/abs/2006A%26A...446..747G},
  adsnote =      {Provided by the SAO/NASA Astrophysics Data System}
}

@ARTICLE{2006JRASC.100..242W,
  author =       {{West}, J.~L. and {Cameron}, I.~D.},
  title =        "{Using the Medical Image-Processing Package, ImageJ,
                  for Astronomy}",
  journal =      {\jrasc},
  eprint =       {arXiv:astro-ph/0611686},
  year =         2006,
  month =        dec,
  volume =       100,
  pages =        242,
  adsurl =       {http://adsabs.harvard.edu/abs/2006JRASC.100..242W},
  adsnote =      {Provided by the SAO/NASA Astrophysics Data System}
}

@ARTICLE{2010A&A...524A..42P,
  author =       {{Pence}, W.~D. and {Chiappetti}, L. and {Page},
                  C.~G. and {Shaw}, R.~A. and {Stobie}, E.},
  title =        "{Definition of the Flexible Image Transport System
                  (FITS), version 3.0}",
  journal =      {\aap},
  keywords =     {instrumentation: miscellaneous, methods:
                  miscellaneous, techniques: miscellaneous, reference
                  systems, standards, astronomical databases:
                  miscellaneous},
  year =         2010,
  month =        dec,
  volume =       524,
  eid =          {A42},
  pages =        {A42},
  doi =          {10.1051/0004-6361/201015362},
  adsurl =       {http://adsabs.harvard.edu/abs/2010A%26A...524A..42P},
  adsnote =      {Provided by the SAO/NASA Astrophysics Data System}
}

@INPROCEEDINGS{2011ASPC..442...53A,
  author =       {{Anderson}, K. and {Alexov}, A. and {B{\"a}hren},
                  L. and {Grie{\ss}meier}, J.-M. and {Wise}, M. and
                  {Renting}, G.~A.},
  title =        "{LOFAR and HDF5: Toward a New Radio Data Standard}",
  booktitle =    {Astronomical Data Analysis Software and Systems XX},
  year =         2011,
  series =       {\aspconf},
  volume =       442,
  archivePrefix ="arXiv",
  eprint =       {arXiv:1012.2266},
  primaryClass = "astro-ph.IM",
  editor =       {{Evans}, I.~N. and {Accomazzi}, A. and {Mink},
                  D.~J. and {Rots}, A.~H.  },
  month =        jul,
  pages =        53,
  adsurl =       {http://adsabs.harvard.edu/abs/2011ASPC..442...53A},
  adsnote =      {Provided by the SAO/NASA Astrophysics Data System}
}

@INPROCEEDINGS{2012ASPC..461..283A,
  author =       {{Alexov}, A. and others},
  title =        "{Status of LOFAR Data in HDF5 Format}",
  booktitle =    {Astronomical Data Analysis Software and Systems XXI},
  year =         2012,
  series =       {\aspconf},
  volume =       461,
  editor =       {{Ballester}, P. and {Egret}, D. and {Lorente},
                  N.~P.~F.},
  month =        sep,
  pages =        283,
  adsurl =       {http://adsabs.harvard.edu/abs/2012ASPC..461..283A},
  adsnote =      {Provided by the SAO/NASA Astrophysics Data System}
}

@InProceedings{2012EWASSAlle,
  author =       {Stefano Allegrezza},
  title =        {Flexible Image Transport System: a new standard file
                  format for long-term preservation projects?},
  booktitle =    {European Week of Astronomy and Space Science, 1-6
                  July 2012, Rome},
  year =         2012,
}
